@article{murphy2017zm,
  title={\verb+ZM~~ #        PRinty#     C with ABC!+},
  author={Murphy, VII, Tom},
  month={April},
  journal = {{SIGBOVIK}},
  year={2017},
  pages={129--148},
}
