@article{murphy2016glend,
  title={The gl{E}nd() of {Z}elda},
  author={Murphy, VII, Tom},
  month={April},
  journal = {{SIGBOVIK}},
  pages={103--110},
  year={2016}
}
