@techreport{murphy2006cult,
  author = {Murphy, VII, Tom and Daniel Spoonhower and Chris Casinghino and Daniel R. Licata and Karl Crary and Robert Harper},
  title = {The Cult of the Bound Variable: The 9th Annual {ICFP} Programming Contest},
  month = {October},
  year = {2006},
  number = {CMU-CS-06-163},
  institution = {Carnegie Mellon University},
  url = {http://reports-archive.adm.cs.cmu.edu/anon/2006/abstracts/06-163.html}
}
