@inproceedings{murphy2022harder,
    author = {Murphy, VII, Tom},
    title = {Harder Drive: Hard drives we didn't want or need},
    publisher = {ACH},
    booktitle = {A record of the proceedings of {SIGBOVIK} 2022},
    location = "Pittsburgh, {USA}",
    note = {\url{tom7.org/harder}},
    month = "April",
    day = 8,
    year = "2022",
    pages = {259--277},
}
