@TechReport{swasey2006separate,
  author = {David Swasey and Murphy, VII, Tom and Karl Crary and Robert Harper},
  title = {A Separate Compilation Extension to {Standard} {ML}},
  month = {January},
  year = {2006},
  number = {CMU-CS-06-104},
  institution = {Carnegie Mellon University},
  url = {http://reports-archive.adm.cs.cmu.edu/anon/2006/abstracts/06-104.html}
}
