@inproceedings{swasey2006separateml06,
  author = {David Swasey and Murphy, VII, Tom and Karl Crary and Robert Harper},
  title = {A Separate Compilation Extension to {Standard} {ML}},
  month = {September},
  year = {2006},
  location = {Portland, Oregon},
  booktitle = {{ML} Workshop 2006}
}
